% This file was created with JabRef 2.7b.
% Encoding: UTF-8

@UNPUBLISHED{SBQEE,
  author = {ABREU, J. P. et al.},
  title = {Seminário Brasileiro da Qualidade da Energia Elétrica},
  note = {Anais. Uberlândia: Reflexões sobre qualidade de energia. Elétrica,
	1996.},
  year = {1996},
  address = {Uberlândia},
  pages = {1-5},
  publisher = {Revista Controle e Automação.},
  volume = {1}
}

@BOOK{AGU07,
  title = {Introdu{\c{c}}{\~a}o {\`a} Identifica{\c{c}}{\~a}o de Sistemas --
	T{\'e}cnicas Lineares e N{\~a}o-Lineares Aplicadas a Sistemas Reais},
  publisher = {Editora UFMG},
  year = {2007},
  author = {Aguirre, L.A.},
  address = {Belo Horizonte},
  edition = {3ª},
  isbn = {9788570415844},
  url = {http://books.google.com.br/books?id=f9IwE7Ph0fYC}
}

@BOOK{SAD03,
  title = {Fundamentos de Circuitos Eletricos},
  publisher = {Bookman Companhia Ed.},
  year = {2003},
  author = {Alexander, C.K.},
  pages = {857},
  address = {Porto Alegre},
  edition = {3ª},
  isbn = {9788536302492},
  url = {http://books.google.com.br/books?id=AZJHvMWNHc4C}
}

@MISC{ALV10,
  author = {Alves, F. M.},
  title = {Qualidade da energia elétrica},
  year = {2010},
  note = {Disponivel em: \url{<http://pt.scribd.com/doc/51904934/QUALIDADE-DA-ENERGIA-ELETRICA-2010>}.
	Acesso em: 29 out. 2012.},
  __markedentry = {[freitas:1]}
}

@BOOK{AND00,
  title = {Foundations of multithreaded, parallel, and distributed programming},
  publisher = {Addison Wesley},
  year = {2000},
  author = {Gregory R. Andrews},
  pages = {664},
  address = {USA},
  edition = {1ª}
}

@MISC{MOD08,
  author = {ANEEL},
  title = {Procedimentos de Distribuição de Energia Elétrica no Sistema Elétrico
	Nacional (PRODIST): Módulo 8 - Qualidade da Energia Elétrica},
  year = {2012},
  note = {Disponivel em <\url{http://www.aneel.gov.br/visualizar_texto.cfm?idtxt=1877}>.
	Acessado em: 10 out. 2012.},
  edition = {4ª}
}

@BOOK{ANT03,
  title = {Electrotecnia: Fundamentos de ingenier{\'\i}a el{\'e}ctrica},
  publisher = {Universidad Pontificia Comillas},
  year = {2003},
  author = {de Antonio, F.J.C.},
  series = {(Colecci{\'o}n ingenier{\'\i}a)},
  address = {Madrid, Espanha},
  edition = {16},
  isbn = {9788484680956},
  url = {http://books.google.com.br/books?id=xxFBr6QrBroC}
}

@BOOK{MAL07,
  title = {Eletrônica Volume 1.},
  publisher = {McGraw-Hill},
  year = {2007},
  author = {MALVINO P. L.; BATES J. B.},
  volume = {1},
  address = {São Paulo},
  edition = {7ª}
}

@MASTERSTHESIS{BAC11,
  author = {Jaime Back},
  title = {Desenvolvimento de um Sistema Embarcado voltado ao Gerenciamento
	da Energia Elétrica em Sistemas Industriais.},
  school = {Dissertação (Pós-Graduação em Sistemas e Processos Industriais (PPGSPI)
	- Mestrado) – Universidade de Santa Cruz do Sul - UNISC},
  year = {2011},
  address = {Santa Cruz do Sul, 2011},
  __markedentry = {[freitas:5]},
  file = {Dissertacao_Jaime_Back_2011:/home/freitas/Documentos/tc/doc_aux/Elétrica/[BAC11]/Dissertacao_SPI2012_V01.doc:Word},
  pages = {46}
}

@BOOK{BAR96,
  title = {An Introduction to Distributed Algorithms},
  publisher = {Mit Press},
  year = {1996},
  author = {Barbosa, V.C.},
  pages = {365},
  address = {London, England},
  isbn = {9780262024129},
  lccn = {96013747},
  url = {http://books.google.com.br/books?id=fPaGrO8KFqQC}
}

@MISC{BAR91,
  author = {BARNES, R. P},
  title = {Electric Utility Experience Industry with Geomagnetic Disturbances},
  note = {Disponível em: <\url{http://www.ornl.gov/~webworks/cpr/v823/rpt/51089.pdf}>.
	Acesso em: 17 nov. 2012.}
}

@BOOK{BAR99,
  title = {Programming Embedded Systems in C and C++},
  publisher = {O'Reilly},
  year = {1999},
  author = {Barr, M.},
  series = {O'Reilly Series},
  address = {USA},
  isbn = {9781565923546},
  lccn = {00689043},
  url = {http://books.google.com.br/books?id=a2Q6U0b36rMC}
}

@BOOK{BAR05,
  title = {Fundamentos de Metodologia Científica – 2ª ed. Ampliada},
  publisher = {Pearson Education do Brasil},
  year = {2000},
  author = {BARROS, S. J. A; SOUZA, Neide A. S. L.},
  pages = {122},
  address = {São Paulo},
  edition = {2ª}
}

@BOOK{BAR70,
  title = {A primer on simulation and gaming},
  publisher = {Prentice-Hall},
  year = {1970},
  author = {Barton, R.F.},
  address = {New Jersey},
  lccn = {79110489},
  url = {http://books.google.com.br/books?id=04tgAAAAMAAJ}
}

@MASTERSTHESIS{BEQ09,
  author = {BEQUE, T. L.},
  title = {Avaliação dos Requisitos para Teste de um Sistema Operacional Embarcado.},
  school = {Dissertação (Programa De Pós-Graduação Em Computação) – Universidade
	Federal do Rio Grande do Sul - UFRGS},
  year = {2009},
  address = {Porto Alegre, 2009},
  pages = {59}
}

@BOOK{BOY10,
  title = {Introdu{\c{c}}{\~a}o {\`a} an{\'a}lise de circuitos},
  publisher = {Pearson},
  year = {2004},
  author = {Robert L. Boylestad},
  address = {São Paulo},
  edition = {10ª},
  isbn = {9788587918185},
  url = {http://books.google.com.br/books?id=Jmh4AAAACAAJ}
}

@BOOK{BRO05,
  title = {Ci{\^e}ncia da Computa{\c{c}}{\~a}o: Uma Vis{\~a}o},
  publisher = {BOOKMAN COMPANHIA ED},
  year = {2005},
  author = {BROOKSHEAR, J.G.},
  address = {São Paulo},
  edition = {7ª},
  isbn = {9788536304380},
  url = {http://books.google.com.br/books?id=P0s8FbImFkoC}
}

@MASTERSTHESIS{CAB10,
  author = {CABRAL, J. R.},
  title = {Análise Numérica de Curto Circuito Utilizando Componentes Simétricas
	e Componentes de Fases para obter Índices de Afundamentos de Tensão},
  school = {Dissertação (Programa de Pós-Graduação em Engenharia Elétrica - Mestrado)
	– Universidade Federal do Rio Grande do Sul - UFRGS},
  year = {2010},
  address = {Porto Alegre, 2010},
  pages = {152}
}

@MASTERSTHESIS{CAR97,
  author = {CARVALHO, L. P.},
  title = {Uma contribuição ao estudo da Depressão de Tensão},
  school = {Dissertação – Escola Federal de Engenharia de Itajubá - EFEI, Itajubá},
  year = {2010},
  address = {Itajubá, 1997},
  pages = {134}
}

@BOOK{COR05,
  title = {Instalações elétricas},
  publisher = {Pearson},
  year = {2005},
  author = {COTRIM, A. M. B. A.},
  address = {São Paulo},
  edition = {5ª}
}

@BOOK{COU01,
  title = {Distributed systems: concepts and design},
  publisher = {Addison-Wesley},
  year = {2001},
  author = {Coulouris, G. and Coulouris, G.F. and Dollimore, J. and Kindberg,
	T.},
  pages = {772},
  series = {International computer science series},
  address = {São Paulo},
  edition = {3ª}
}

@BOOK{OLI07,
  title = {An{\'a}lise de Sinais para Engenheiros: Uma Abordagem Via Wavelets},
  publisher = {BRASPORT},
  year = {2007},
  author = {DE OLIVEIRA, H. M.},
  pages = {268},
  address = {São Paulo},
  isbn = {9788574522838},
  url = {http://books.google.com.br/books?id=H7qB82SLNxIC}
}

@MASTERSTHESIS{DEL03,
  author = {DELMONT, O. F.},
  title = {Utilização da Transformada de Wavelet para Caracterização de Distúrbios
	Qualidade da Energia Elétrica},
  school = {Dissertação (Mestrado em Engenharia Elétrica) – Escola de Engenharia
	de São Carlos, Universidade de São Paulo - USP},
  year = {2003},
  address = {São Carlos, 2003.},
  pages = {209}
}

@BOOK{DOR08,
  title = {Instalações elétricos},
  publisher = {GEN},
  year = {2008},
  author = { DOR, C. F.; SVOCABA, A. J.},
  address = {Rio de Janeiro},
  edition = {7ª}
}

@BOOK{DUG96,
  title = {Electrical Power Systems Quality},
  publisher = {McGraw-Hill},
  year = {1996},
  author = {DUGAN, R. C. et al.},
  address = {New York},
  edition = {2ª}
}

@BOOK{TIT02,
  title = {Coleção Schaum Rede de Computadores.},
  publisher = {Bookman},
  year = {2002},
  author = {TITTEL. E.},
  pages = {246},
  address = {São Paulo}
}

@PHDTHESIS{FER10,
  author = {FEREIRA, D. D.},
  title = {Análise de Distúrbios Elétricos em Sistemas de Potência.},
  school = {Dissertação (Programa de Pós-graduação em Engenharia Elétrica (COPPE)
	- Doutorado) – Universidade Federal do Rio de Janeiro - UFRJ},
  year = {2010},
  address = {Rio de Janeiro, 2010.},
  pages = {223}
}

@MASTERSTHESIS{FER99,
  author = {FERNANDES, D. E. B.},
  title = {Uma metodologia de gerenciamento da Qualidade da Energia Elétrica.},
  school = {Dissertação (Programa de Pós-Graduação em Engenharia Elétrica - Mestrado)
	– Pontifícia Universidade Católica de Minas Gerais - PUC-MG},
  year = {1999},
  address = {Belo Horizonte, 1999.},
  pages = {133}
}

@MASTERSTHESIS{FER11,
  author = {FERREIRA, A. C.},
  title = {Novo Modelo de Transformador com Tap Variável em Regime Permanente.},
  school = {Dissertação (Programa de Pós-graduação em Engenharia Elétrica do
	Departamento de Engenharia Elétrica PUC-Rio) – Pontifícia Universidade
	Católica do Rio de Janeiro - PUC-Rio.},
  year = {2011},
  address = {Rio de Janeiro, 2011.}
}

@BOOK{FIN02,
  title = {Eletronica Industrial: Circuitos e Aplicações.},
  publisher = {Hemus},
  year = {2002},
  author = {FIGINI, G.},
  address = {Brasil},
  isbn = {9788528900163},
  url = {http://books.google.com.br/books?id=clDpCBsRoqQC}
}

@BOOK{FIL05,
  title = {Manual de equipamentos el{\'e}tricos},
  publisher = {LTC},
  year = {2005},
  author = {Filho, J.M.},
  pages = {840},
  address = {Rio de Janeiro},
  edition = {3ª},
  isbn = {9788521614364},
  url = {http://books.google.com.br/books?id=0gaLPgAACAAJ}
}

@BOOK{KOS93,
  title = {M{\'a}quinas El{\'e}tricas: Com Introdu{\c{c}}{\~a}o {\`a} Eletr{\^o}nica
	de Pot{\^e}ncia},
  publisher = {Globo Editora},
  year = {1993},
  author = {FITZGERALD, A.E. and KINGSLEY, C. and UMANS, S.D.},
  address = {São Paulo},
  edition = {9}
}

@BOOK{FOR06,
  title = {Comunicacao de Dados E Redes de Computadores},
  publisher = {BOOKMAN COMPANHIA ED},
  year = {2006},
  author = {FOROUZAN, B.A.},
  pages = {840},
  address = {Porto Alegre},
  edition = {3ª},
  isbn = {9788536306148},
  url = {http://books.google.com.br/books?id=C9ZN-jYKHpMC}
}

@BOOK{GAL03,
  title = {Comunica{\c{c}}{\~a}o entre Computadores e Tecnologias de Rede},
  publisher = {Pioneira Thomson Learning},
  year = {2003},
  author = {GALLO, M.A. and HANCOCK, W.M.},
  pages = {673},
  address = {São Paulo},
  isbn = {9788522102938},
  url = {http://books.google.com.br/books?id=EPqgxOGYrTMC}
}

@PROCEEDINGS{GAR09,
  title = {Sistema de Consultoria de Qualidade de Energia Elétrica},
  year = {2009},
  author = {GARCIA, et al.},
  optaddress = {Blumenau, SC},
  optmonth = {Agosto},
  optnumber = {VIII},
  optseries = {Anais da VIII Conferência Brasileira sobre Qualidade da Energia Elétrica}
}

@BOOK{GAR82,
  title = {Dicionário de eletrônica Inglês/Português},
  publisher = {Hemus},
  year = {1982},
  author = {GARDINI, G; LIMA, P. N.},
  address = {Brasil},
  edition = {2ª}
}

@MASTERSTHESIS{GAV03,
  author = {GAVIRA, O. M.},
  title = {Simulação Computacional como uma Ferramenta de Aquisição de Conhecimento},
  school = {Dissertação (Programa de Pós-Graduação em Engenharia de Produção
	da Escola de Engenharia da Universidade de São Paulo) – Universidade
	de São Paulo - USP},
  year = {2003},
  note = {Disponível em: <\url{http://www.teses.usp.br/teses/disponiveis/18/18140/tde-20052003-004345/publico/Gavira1.pdf.
	}>. Acesso em: 26 nov. 2012.},
  optaddress = {São Paulo},
  pages = {163}
}

@MISC{GEY12,
  author = {GEYER, C. at el},
  title = {Introdução A Algoritmos Distribuídos},
  note = {Disponível em: <\url{http://www4.fct.unesp.br/ronaldo/uploads/Introdu%C3%A7%C3%A3o%20a%20Algoritmos%20Distribu%C3%ADdos.pdf>.
	}>. Acesso em: 20 nov. 2012.}
}

@MISC{GOM94,
  author = {GOMIDE, C. A. F; GUDWIN, R. R.},
  title = {Modelagem, Controle, Sistemas e Lógica Fuzzy},
  note = {Disponível em:\url{ <ftp://ftp.dca.fee.unicamp.br/pub/docs/gudwin/publications/RevSBA94.pdf}>.
	Acessado em: 24 nov. 2012.},
  pages = {115}
}

@BOOK{GRA96,
  title = {An{\'a}lisis de sistemas de potencia},
  publisher = {McGraw-Hill},
  year = {1996},
  author = {Grainger, J.J. and Stevenson, W.D. and Sousa, C.L.},
  address = {Ciudad de México},
  isbn = {9789701009086},
  url = {http://books.google.com.br/books?id=MvCOAAAACAAJ}
}

@BOOK{HAD99,
  title = {Schaum's outline of theory and problems of digital signal processing},
  publisher = {McGraw Hill},
  year = {1999},
  author = {Hayes, M.H.},
  pages = {466},
  series = {Schaum's outline series},
  address = {Porto Alegre},
  isbn = {9780070273894},
  lccn = {98043324},
  url = {http://books.google.com.br/books?id=4hLBW6Yky9sC}
}

@BOOK{HAY01,
  title = {Sinais E Sistemas},
  publisher = {Bookman},
  year = {2001},
  author = {HAYKIN, S.S. and VAN VEEN, B.},
  pages = {668},
  address = {Porto Alegre},
  isbn = {9788573077414},
  url = {http://books.google.com.br/books?id=tdNYclZwaYIC}
}

@MISC{HER63,
  author = {HERMAN, C. C.; MAGEE, J. F.},
  title = {Introdução A Algoritmos Distribuídos},
  note = {Operations research for management. In BURSK, E. C.; CHAPMAN, J.
	F.(Eds). New decision-making tools for managers. New York: The Mentor
	Executive Library, 1963.1}
}

@PROCEEDINGS{IEE95,
  title = {IEEE Standars Board},
  year = {1995},
  address = {USA},
  note = {IEEE std 1159 - 1995 - Recommended Pratice for Monitoring Eletric
	Power Quality},
  author = {HERMAN, C. C.; MAGEE, J. F.},
  page = {70}
}

@BOOK{HEW02,
  title = {Fisica Conceitual},
  publisher = {Bookman},
  year = {2002},
  author = {HEWITT, P.G.},
  pages = {685},
  address = {Porto Alegre},
  edition = {9ª},
  isbn = {9788536300405},
  url = {http://books.google.com.br/books?id=Znu-BsJO-agC}
}

@BOOK{HOR07,
  title = {Telecommunications and Data Communications Handbook.},
  publisher = {John Wiley E Sons},
  year = {2007},
  author = {HORAK, R.},
  pages = {856},
  address = {Danvers},
  edition = {2ª}
}

@INCOLLECTION{IAN09,
  author = {IANELLO, R., et al},
  title = {Classificação de Múltiplos Distúrbios de Qualidade de Energia Baseado
	em Transformada Wavelet, EOS e Redes Neurais.},
  booktitle = {Anais do VIII CBQEE Conferência Brasileira Sobre Qualidade de Energia
	Elétrica},
  publisher = {CBQEE},
  year = {2009},
  volume = {8},
  address = {Blumenau, SC},
  note = {Disponível em:<\url{http://www.labplan.ufsc.br/congressos/CBQEE_VIII_2009/web/docs/085.pdf}>.
	Acesso em: 29 jan. 2013}
}

@MISC{INE12,
  author = {INEE},
  title = {Instituto Nacional de Eficiência Energética},
  year = {2012},
  note = {Contém informações institucionais. Disponível em: <\url{http://www.inee.org.br/eficiencia_o_que_eh.asp?Cat=eficiencia}>.
	Acesso em: 27 nov. 2012.}
}

@MASTERSTHESIS{INA10,
  author = {INÁCIO, J. M.},
  title = {Detecção e Classificação de Faltas em Linhas de Transmissão utilizando
	Transformada Wavelet e Rede Lógica Neurofuzzy com Aprendizado Participativo.},
  school = {Dissertação (Programa De Pós-Graduação Em Engenharia Elétrica - Mestrado)
	– Universidade Federal de Minas Gerais - UFMG},
  year = {2010},
  address = {Belo Horizonte, 2010.}
}

@TECHREPORT{JAC10,
  author = {JACINTHO, O. F. L.},
  title = {Redes Neuro-Fuzzy: Um Estudo de Caso em Diagnóstico de Alzheimer.},
  institution = {Monografia (Bacharel em Ciência da Computação, Centro de Matemática,
	Computação e Cognição - CMCC). Universidade Federal do ABC - UFABC.
	Santo André},
  year = {2010},
  number = {53},
  address = {Santo André, 2010},
  note = {Disponível em: <\url{http://bcc.ufabc.edu.br/docs/proj%20graduacao_LuisFernando.pdf}>.
	Acessado em: 24 nov. 2012.}
}

@MISC{KAG09,
  author = {JUNIOR, F. P.; KAGAN, N.},
  title = {Utilização de Medidores Eletrônicos de Faturamento para Detecção
	e Registro de Eventos que afetam a Qualidade de Energia.},
  year = {2009},
  publisher = {Revista Espaço Energia},
  volume = {10}
}

@MASTERSTHESIS{JUN09,
  author = {JUNIOR, H. A. O.},
  title = {Desenvolvimento de uma Metodologia para Identificar e Quantificar
	Distúrbios da Qualidade da Energia Elétrica.},
  school = {Dissertação (Programa de Pós-Graduação em Engenharia Elétrica - Mestrado)
	– Universidade Federal do Rio Grande do Sul - UFGRS},
  year = {2009},
  address = {Porto Alegre, 2009},
  pages = {188}
}

@INCOLLECTION{KIM01,
  author = {KIM, C. H.; AGGAWAL, R.},
  title = {Wavelet transforms in power systems Part 2: Examples of application
	to actual power system transients.},
  publisher = {Power Engineering Journal},
  year = {2001},
  month = {Agosto}
}

@BOOK{LEE01,
  title = {Embedded Software. To appear in Advances in Computers.},
  publisher = {University of California},
  year = {2001},
  editor = {M. Zelkowitz},
  author = {LEE, Edward A.},
  pages = {56},
  address = {Berkeley}
}

@INPROCEEDINGS{LOC08,
  author = {LOCKE, D.},
  title = {Guide to the wiring regulations 17th edition IEE wiring Regulations},
  booktitle = {IEE wiring Regulations},
  year = {2008},
  volume = {17},
  address = {USA}
}

@BOOK{LYN96,
  title = {Distributed Algorithms},
  publisher = {Morgan Kaufmann Publishers},
  year = {1996},
  author = {Lynch, N.A.},
  pages = {872},
  series = {The Morgan Kaufmann Series in Data Management Systems}
}

@ARTICLE{MEL08,
  author = {Miguel Otávio Barreto Campelo de Melo},
  title = {Avaliação do impacto da qualidade de energia elétrica na produção
	industrial: proposta de metodologia},
  journal = {Revista Produto E Produção},
  year = {2008},
  volume = {9},
  pages = {15-25},
  note = {Disponível em <\url{http://seer.ufrgs.br/ProdutoProducao/article/download/4092/3870}>}
}

@MASTERSTHESIS{MEN08,
  author = {MENDES, C. S.},
  title = {Transformada de Wavelet aplicada a Proteções Digitais},
  school = {Dissertação (Mestrado Integrado em Engenharia Electrotécnica e de
	Computadores Major Energia) – Faculdade de Engenharia da Universidade
	do Porto - FEUP},
  year = {2008},
  address = {Porto, Portugal, 2008},
  pages = {107}
}

@MISC{MIS96,
  author = {MISITI, M. et al.},
  title = {Wavelet Toolbox: User's Guide.},
  year = {1996},
  note = {Disponível em: <\url{http://web.mit.edu/1.130/WebDocs/wavelet_ug.pdf}>.
	Acessado: 22 nov. 2012.}
}

@BOOK{MOD09,
  title = {Soldagem - fundamentos e tecnologia},
  publisher = {UFMG},
  year = {2009},
  author = {MODENESI, P.J. and MARQUES, P.V. and BRACARENSE, A.Q.},
  address = {Belo Horizonte},
  edition = {3ª},
  isbn = {9788570417480},
  url = {http://books.google.com.br/books?id=uIxCk9IcgJEC}
}

@INCOLLECTION{OLIVE,
  author = {OLIVEIRA, J. C. D.},
  title = {Definição e Análise dos itens de Qualidade},
  booktitle = {Projeto SIDAQEE - Capítulo II Qualidade de Energia Elétrica},
  publisher = {Universidade Federal de Uberlândia},
  year = {entre 1990 e 2005},
  address = {Uberlândia}
}

@BOOK{RAS11,
  title = {POWER ELECTRONICS HANDBOOK},
  publisher = {Elsevier Science},
  year = {2011},
  author = {Rashid, M.},
  pages = {1362},
  address = {USA},
  edition = {3ª},
  isbn = {9780123820372},
  lccn = {2010038332},
  url = {http://books.google.com.br/books?id=eS1z95mzi28C}
}

@BOOK{REZ05,
  title = {Sistemas Inteligentes: fundamentos e aplicações.},
  publisher = {Manole},
  year = {2003},
  author = {REZENDE, S.O.},
  pages = {252},
  address = {Barueri},
  edition = {1ª},
  isbn = {9788520416839},
  url = {http://books.google.com.br/books?id=UsJe\_PlbnWcC}
}

@BOOK{ROE02,
  title = {Acoplamento de Conversores Estaticos com malha de controle e Dispositivos
	Eletromagneticos Não-Lineares.},
  publisher = {Revista Controle e Automação.},
  year = {2002},
  author = {ROEL, O. J.},
  volume = {13},
  note = {Disponivel em: <\url{http://www.scielo.br/pdf/ca/v13n1/a09v13n1.pdf}>.
	Acesso em: 17 nov. 2012.}
}

@BOOK{SAL89,
  title = { Repensando a Simulação: a amostragem descritiva.},
  publisher = {Atlas},
  year = {1989},
  author = {SALIBY, E.},
  address = {São Paulo}
}

@TECHREPORT{SAN09,
  author = {SANTOS, M. V.},
  title = {Estudo de Caso de Curto-Circuito em um Sistema Elétrico Industrial.},
  institution = {Trabalho de Conclusão de Curso (Escola de Engenharia de São Carlos
	- Engenharia Elétrica com ênfase em Sistemas de Energia e Automação)
	– Escola de Engenharia de São Carlos, Universidade de São Paulo -
	USP},
  year = {2009},
  number = {131},
  address = {São Carlos, 2009}
}

@MISC{SIL09,
  author = {da Silva, A.L.C.},
  title = {Introdu{\c{c}}{\~a}o {\`a} An{\'a}lise de Dados},
  year = {2009},
  address = {Rio de Janeiro},
  isbn = {9788576502128},
  pages = {158},
  publisher = {Editora E-papers},
  url = {http://books.google.com.br/books?id=EQfUR3uOqiQC}
}

@PHDTHESIS{SIL01,
  author = {SILVA, V. F.},
  title = {Condicionador de potência para aplicação em inversor de frequência
	de média tensão.},
  school = {Tese (Doutorado) – Escola politécnica, Universidade de São Paulo
	- USP},
  year = {2001},
  address = {São Paulo, 2001},
  pages = {140}
}

@BOOK{SMI04,
  title = {Electrical Wiring Industrial: Based on the 2005 National Electric
	Code.},
  publisher = {Cengage Learning},
  year = {2004},
  author = {SMITH, L. R; HERMAN, L. S.},
  pages = {266},
  address = {New York},
  edition = {12ª}
}

@UNPUBLISHED{SOL04,
  author = {SOLA, A. V. H.; KOVALESKI, J. L.},
  title = {Eficiência energética nas indústrias: cenários E oportunidades},
  note = {Anais do XXIV Encontro Nacional de Engenharia de Produção (ENEGEP)
	e X International Conference on Industrial Engineering and Operations
	Management.},
  year = {2004},
  address = {Florianópolis},
  pages = {1-5},
  publisher = {ENEGEP},
  volume = {14}
}

@MASTERSTHESIS{SOU08,
  author = {SOUZA, A. F.},
  title = {Detecção de Falhas em Sistema de Distribuição de Energia Elétrica
	Usando Dispositivos Programáveis.},
  school = {Dissertação (Programa De Pós-Graduação Em Engenharia Elétrica - Mestrado)
	– UNESP},
  year = {2008},
  address = {Ilha Solteira, 2008},
  pages = {119}
}

@BOOK{TAN03,
  title = {Rede de Computadores},
  publisher = {Prentice Hall},
  year = {2003},
  author = {Andrew S. Tanenbaum},
  pages = {945},
  edition = {4ª}
}

@BOOK{TAN01,
  title = {Modern operating systems},
  publisher = {Prentice Hall},
  year = {2001},
  author = {Andrew S. Tanenbaum},
  pages = {976},
  address = {USA},
  edition = {2ª}
}

@BOOK{TAU05,
  title = {Software Embarcado: a nova onda da informática.},
  publisher = {Brasport},
  year = {20005},
  author = {TAURION, C.},
  address = {Rio de Janeiro}
}

@BOOK{THE99,
  title = {Pattern Recognition},
  publisher = {Academic Press},
  year = {1999},
  author = {THEODORIDIS, S.; KOUTROUMBAS, K.},
  address = {San Diego}
}

@MISC{VEL07,
  author = {VELLASCO, B. R. M. M.},
  title = {Redes Neurais Artificiais.},
  year = {2007},
  note = {Disponível em: <\url{http://www.ica.ele.puc-rio.br/Downloads/%5C33/ICA-introdu%C3%A7%C3%A3o%20RNs.pdf}>.
	Acessado em: 24 nov. 2012.},
  pages = {37}
}

@INCOLLECTION{VIN01,
  author = {VINCENTELLI, A.; Martin G.},
  title = {Platform-based design and software design methodology for embedded
	systems.},
  booktitle = {Design \& Test of Computers},
  publisher = {IEEE},
  year = {2001},
  editor = {IEEE},
  volume = {18},
  chapter = {Issue 6},
  pages = {23-33}
}

@BOOK{WEI00,
  title = {Computer Sciencie and Communications Dictionary},
  publisher = {Springer},
  year = {2000},
  author = {WEIK, M},
  pages = {205}
}

@PROCEEDINGS{CAR03,
  title = {Sistemas Computacionais Embarcados},
  year = {2003},
  editor = {CARRO, L.; WAGNER, F.},
  address = {Campinas, Brasil},
  publisher = {Sociedade Brasileira de Computação},
  booktitle = {Jornadas de Atualização em Informática},
  pages = {45-94}
}

@MANUAL{NBR54,
  title = {NBR 5419},
  note = {Disponível em: <\url{http://www.faatesp.edu.br/publicacoes/NBR-5419.pdf}>.
	Acesso em: 17 nov. 2012.}
}

@MISC{ANE01,
  title = {ANNEL},
  year = {2012},
  note = {ANEEL, Resolução ANEEL n. 505, de 26 de novembro de 2001. \textit{Diário
	Oficial [da] República Federativa do Brasil}, 27 nov. 2001, seção
	1, p. 16. Republicada \textit{Diário Oficial [da] República Federativa
	do Brasil}, de 16 jan. 2004, seção 1, p. 43.}
}

@MISC{ANEE2,
  title = {ANNEL, Qualidade do Serviço e do Produto},
  year = {2012},
  note = {Contém informações especificas sobre os índices de QEE. Disponivel
	em: <\url{http://www.aneel.gov.br/area.cfm?idArea=79&idPerfil=2}>.
	Acesso em: 10 out. 2012.}
}

@MISC{ANEE3,
  title = {ANNEL, Eficiência Energética},
  year = {2012},
  note = {Contém informações sobre o Programa de Eficiência Energética (PEE).
	Disponível em: <\url{http://www.aneel.gov.br/area.cfm?idArea=27}>.
	Acesso em: 27 nov. 2012.}
}

@MISC{ANEEL,
  title = {ANEEL, Homepage Institucional},
  year = {2012},
  note = {Apresenta informações gerais sobre a instituição. Disponível em:
	<\url{ http://www.aneel.gov.br/area.cfm?idArea=636&idPerfil=3&idiomaAtual=0}>.
	Acesso em: 10 out. 2012.}
}

@MISC{ELE10,
  title = {ELETROBRAS, Oportunidades de Eficiência Energética para a Indústria},
  year = {2010},
  note = {Estudos de caso: sumário executivo, Brasília: CNI, 2010. p. 61. (Relatório
	25) Disponivel em: <\url{http://www.eletrobras.com/pci/main.asp}>.},
  pages = {61}
}

