% Bibliografia Geral
%##############################################################
% Bibliografia herdada de TC1
%##############################################################
@book{AGU07,
  title    ={Introdu{\c{c}}{\~a}o {\`a} Identifica{\c{c}}{\~a}o de 	Sistemas -- T{\'e}cnicas Lineares e N{\~a}o-Lineares Aplicadas a Sistemas Reais},
  author   ={Aguirre, L.A.},
  isbn     ={9788570415844},
  url      ={http://books.google.com.br/books?id=f9IwE7Ph0fYC},
  publisher={Editora UFMG},
  year     ={2007},
  address  ={Belo Horizonte},
  edition  ={3ª}
  
}
@misc{ALV10,
  author ={ALVES, F. M.},
  title  ={Qualidade da energia elétrica},
  note   ={Disponivel em: \urm{<http://pt.scribd.com/doc/51904934/QUALIDADE-DA-ENERGIA-ELETRICA-2010>}. Acesso em: 29 out. 2012.},
  year   ={2010}
}
@Misc{ANEEL,
title = {ANEEL, Homepage Institucional},
note = {Apresenta informações gerais sobre a instituição. Disponível em: <\url{ http://www.aneel.gov.br/area.cfm?idArea=636&idPerfil=3&idiomaAtual=0}>. Acesso em: 10 out. 2012.}}
}
@misc{ANE01,
note   ={ANEEL, Resolução ANEEL n. 505, de 26 de novembro de 2001. \textit{Diário Oficial [da] República Federativa do Brasil}, 27 nov. 2001, seção 1, p. 16. Republicada \textit{Diário Oficial [da] República Federativa do Brasil}, de 16 jan. 2004, seção 1, p. 43.}
}
@misc{ANEE2,
  title  ={ANNEL, Qualidade do Serviço e do Produto},
  note   ={Contém informações especificas sobre os índices de QEE. Disponivel em: <\url{http://www.aneel.gov.br/area.cfm?idArea=79&idPerfil=2}>. Acesso em: 10 out. 2012.}
}
@misc{ANEE3,
  title ={ANNEL, Eficiência Energética},
  note  ={Contém informações sobre o Programa de Eficiência Energética (PEE). Disponível em: <\url{http://www.aneel.gov.br/area.cfm?idArea=27}>. Acesso em: 27 nov. 2012.}
}

@book{AND00,
  author   ={Gregory R. Andrews},
  title    ={Foundations of multithreaded, parallel, and distributed programming},
  address  ={USA},
  publisher={Addison Wesley},
  year     ={2000},
  edition  ={1ª},
  pages    ={664}
}
@book{ANT03,
  title={Electrotecnia: Fundamentos de ingenier{\'\i}a el{\'e}ctrica},
  author={de Antonio, F.J.C.},
  isbn={9788484680956},
  series={(Colecci{\'o}n ingenier{\'\i}a)},
  url={http://books.google.com.br/books?id=xxFBr6QrBroC},
  edition ={16},
  address = {Madrid, Espanha},
  year={2003},
  publisher={Universidad Pontificia Comillas}
}
@MastersThesis{BAC11,
  author  ={Jaime Back},
  title   ={Desenvolvimento de um Sistema Embarcado voltado ao Gerenciamento da Energia Elétrica em Sistemas Industriais.},
  school  ={Dissertação (Pós-Graduação em Sistemas e Processos Industriais (PPGSPI) - Mestrado) – Universidade de Santa Cruz do Sul - UNISC},
  year    ={2011},
  address ={Santa Cruz do Sul, 2011},
  pages   ={46}
}

@book{BAR05,
  author   ={BARROS, S. J. A; SOUZA, Neide A. S. L.},
  title    ={Fundamentos de Metodologia Científica – 2ª ed. Ampliada},
  address  ={São Paulo},
  publisher={Pearson Education do Brasil},
  year     ={2000},
  edition  ={2ª},
  pages    ={122}
}

@book{BAR70,
  author={Barton, R.F.},
  title={A primer on simulation and gaming},
  address ={New Jersey},
  lccn={79110489},
  url={http://books.google.com.br/books?id=04tgAAAAMAAJ},
  year={1970},
  publisher={Prentice-Hall}
}

@misc{BAR91,
  author={BARNES, R. P},
  title ={Electric Utility Experience Industry with Geomagnetic Disturbances},
  note  ={Disponível em: <\url{http://www.ornl.gov/~webworks/cpr/v823/rpt/51089.pdf}>. Acesso em: 17 nov. 2012.}
}
@book{BAR96,
  title={An Introduction to Distributed Algorithms},
  author={Barbosa, V.C.},
  address={London, England},
  isbn={9780262024129},
  lccn={96013747},
  url={http://books.google.com.br/books?id=fPaGrO8KFqQC},
  year={1996},
  pages ={365},
  publisher={Mit Press}
}

@book{BAR99,
  title={Programming Embedded Systems in C and C++},
  author={Barr, M.},
  isbn={9781565923546},
  lccn={00689043},
  series={O'Reilly Series},
  url={http://books.google.com.br/books?id=a2Q6U0b36rMC},
  address={USA},
  year={1999},
  publisher={O'Reilly}
}

@MastersThesis{BEQ09,
  author  ={BEQUE, T. L.},
  title   ={Avaliação dos Requisitos para Teste de um Sistema Operacional Embarcado.},
  school  ={Dissertação (Programa De Pós-Graduação Em Computação) – Universidade Federal do Rio Grande do Sul - UFRGS},
  year    ={2009},
  address ={Porto Alegre, 2009},
  pages   ={59}
 }
  
@book{BOY10,
  title={Introdu{\c{c}}{\~a}o {\`a} an{\'a}lise de circuitos},
  author={Robert L. Boylestad},
  isbn={9788587918185},
  url={http://books.google.com.br/books?id=Jmh4AAAACAAJ},
  year={2004},
  edition ={10ª},
  address={São Paulo},
  publisher={Pearson}
}
@book{BRO05,
  title={Ci{\^e}ncia da Computa{\c{c}}{\~a}o: Uma Vis{\~a}o},
  author={BROOKSHEAR, J.G.},
  isbn={9788536304380},
  url={http://books.google.com.br/books?id=P0s8FbImFkoC},
  year={2005},
  edition ={7ª},
  address={São Paulo},
  publisher={BOOKMAN COMPANHIA ED}
}

@MastersThesis{CAB10,
  author  ={CABRAL, J. R.},
  title   ={Análise Numérica de Curto Circuito Utilizando Componentes Simétricas e Componentes de Fases para obter Índices de Afundamentos de Tensão},
  school  ={Dissertação (Programa de Pós-Graduação em Engenharia Elétrica - Mestrado) – Universidade Federal do Rio Grande do Sul - UFRGS},
  year    ={2010},
  address ={Porto Alegre, 2010},
  pages   ={152}
}

% conferencia
@Proceedings{CAR03,
  editor = 	 {CARRO, L.; WAGNER, F.},
  title = 	 {Sistemas Computacionais Embarcados},
  booktitle = {Jornadas de Atualização em Informática},
  year = 	 {2003},
  address =  {Campinas, Brasil}, 
  pages ={45-94},
  publisher = {Sociedade Brasileira de Computação}
}

@MastersThesis{CAR97,
  author  ={CARVALHO, L. P.},
  title   ={Uma contribuição ao estudo da Depressão de Tensão},
  school  ={Dissertação – Escola Federal de Engenharia de Itajubá - EFEI, Itajubá},
  year    ={2010},
  address ={Itajubá, 1997},
  pages   ={134}
}
@book{COU01,
  title={Distributed systems: concepts and design},
  author={Coulouris, G. and Coulouris, G.F. and Dollimore, J. and Kindberg, T.},
  series={International computer science series},
  year={2001},
  edition ={3ª},
  address={São Paulo},
  pages ={772},
  publisher={Addison-Wesley}
}

@book{COR05,
  title={Instalações elétricas},
  author={COTRIM, A. M. B. A.},
  year={2005},
  edition ={5ª},
  address={São Paulo},
  publisher={Pearson}
}
@MastersThesis{DEL03,
  author  ={DELMONT, O. F.},
  title   ={Utilização da Transformada de Wavelet para Caracterização de Distúrbios Qualidade da Energia Elétrica},
  school  ={Dissertação (Mestrado em Engenharia Elétrica) – Escola de Engenharia de São Carlos, Universidade de São Paulo - USP},
  year    ={2003},
  address ={São Carlos, 2003.},
  pages   ={209}
}
@book{DOR08,
  title={Instalações elétricos},
  author={ DOR, C. F.; SVOCABA, A. J.},
  year={2008},
  edition ={7ª},
  address={Rio de Janeiro},
  publisher={GEN}
}
@book{DUG96,
  title={Electrical Power Systems Quality},
  author={DUGAN, R. C. et al.},
  year={1996},
  publisher={McGraw-Hill},
  address={New York},
  edition={2ª}
}
%revisar essa referencia
@misc{ELE10,
  title  ={ELETROBRAS, Oportunidades de Eficiência Energética para a Indústria},
  note   ={Estudos de caso: sumário executivo, Brasília: CNI, 2010. p. 61. (Relatório 25) Disponivel em: <\url{http://www.eletrobras.com/pci/main.asp}>.},
  year   ={2010},
  pages  ={61}
}
@PhdThesis{FER10,
author = {FEREIRA, D. D.},
title = {Análise de Distúrbios Elétricos em Sistemas de Potência.},
school = {Dissertação (Programa de Pós-graduação em Engenharia Elétrica (COPPE) - Doutorado) – Universidade Federal do Rio de Janeiro - UFRJ},
year = {2010},
address = {Rio de Janeiro, 2010.},
pages = {223}
}
@MastersThesis{FER11,
author = {FERREIRA, A. C.},
title = {Novo Modelo de Transformador com Tap Variável em Regime Permanente.},
school = {Dissertação (Programa de Pós-graduação em Engenharia Elétrica do Departamento de Engenharia Elétrica PUC-Rio) – Pontifícia Universidade Católica do Rio de Janeiro - PUC-Rio.},
year = {2011},
address = {Rio de Janeiro, 2011.}
}
@MastersThesis{FER99,
author = {FERNANDES, D. E. B.},
title = {Uma metodologia de gerenciamento da Qualidade da Energia Elétrica.},
school = {Dissertação (Programa de Pós-Graduação em Engenharia Elétrica - Mestrado) – Pontifícia Universidade Católica de Minas Gerais - PUC-MG},
year = {1999},
address = {Belo Horizonte, 1999.},
pages = {133}
}
@book{FOR06,
  title={Comunicacao de Dados E Redes de Computadores},
  author={FOROUZAN, B.A.},
  isbn={9788536306148},
  url={http://books.google.com.br/books?id=C9ZN-jYKHpMC},
  year={2006},
  publisher={BOOKMAN COMPANHIA ED},
  edition ={3ª},
  pages ={840},
  address = {Porto Alegre}
}
@book{FIL05,
  title={Manual de equipamentos el{\'e}tricos},
  author={Filho, J.M.},
  isbn={9788521614364},
  url={http://books.google.com.br/books?id=0gaLPgAACAAJ},
  year={2005},
  publisher={LTC},
  edition ={3ª},
  pages ={840},
  address = {Rio de Janeiro}
}

@book{FIN02,
  title={Eletronica Industrial: Circuitos e Aplicações.},
  author={FIGINI, G.},
  isbn={9788528900163},
  url={http://books.google.com.br/books?id=clDpCBsRoqQC},
  publisher={Hemus},
  address = {Brasil},
  year ={2002}
}
@book{GAL03,
  title={Comunica{\c{c}}{\~a}o entre Computadores e Tecnologias de Rede},
  author={GALLO, M.A. and HANCOCK, W.M.},
  isbn={9788522102938},
  url={http://books.google.com.br/books?id=EPqgxOGYrTMC},
  year={2003},
  publisher={Pioneira Thomson Learning},
  pages = {673},
  address = {São Paulo}
}

@Proceedings{GAR09,
title = {Sistema de Consultoria de Qualidade de Energia Elétrica},
year = {2009},
author = {GARCIA, et al.},
OPTnumber = {VIII},
OPTseries = {Anais da VIII Conferência Brasileira sobre Qualidade da Energia Elétrica},
OPTaddress = {Blumenau, SC},
OPTmonth = {Agosto}
}

@book{GAR82,
  author   ={GARDINI, G; LIMA, P. N.},
  title    ={Dicionário de eletrônica Inglês/Português},
  address  ={Brasil},
  publisher={Hemus},
  year     ={1982},
  edition  ={2ª}
}
@MastersThesis{GAV03,
author = {GAVIRA, O. M.},
title = {Simulação Computacional como uma Ferramenta de Aquisição de Conhecimento},
school = {Dissertação (Programa de Pós-Graduação em Engenharia de Produção da Escola de Engenharia da Universidade de São Paulo) – Universidade de São Paulo - USP},
year = {2003},
OPTaddress = {São Paulo},
pages = {163},
note ={Disponível em: <\url{http://www.teses.usp.br/teses/disponiveis/18/18140/tde-20052003-004345/publico/Gavira1.pdf. }>. Acesso em: 26 nov. 2012.}
}
@misc{GEY12,
author = {GEYER, C. at el},
title = {Introdução A Algoritmos Distribuídos},
note = {Disponível em: <\url{http://www4.fct.unesp.br/ronaldo/uploads/Introdu%C3%A7%C3%A3o%20a%20Algoritmos%20Distribu%C3%ADdos.pdf>. }>. Acesso em: 20 nov. 2012.}
}
@misc{GOM94,
author = {GOMIDE, C. A. F; GUDWIN, R. R.},
title = {Modelagem, Controle, Sistemas e Lógica Fuzzy},
note = {Disponível em:\url{ <ftp://ftp.dca.fee.unicamp.br/pub/docs/gudwin/publications/RevSBA94.pdf}>. Acessado em: 24 nov. 2012.},
pages = {115}
}

@book{GRA96,
  title={An{\'a}lisis de sistemas de potencia},
  author={Grainger, J.J. and Stevenson, W.D. and Sousa, C.L.},
  isbn={9789701009086},
  url={http://books.google.com.br/books?id=MvCOAAAACAAJ},
  year={1996},
  publisher={McGraw-Hill},
  address = {Ciudad de México}
}

@book{HAD99,
  title={Schaum's outline of theory and problems of digital signal processing},
  author={Hayes, M.H.},
  isbn={9780070273894},
  lccn={98043324},
  series={Schaum's outline series},
  url={http://books.google.com.br/books?id=4hLBW6Yky9sC},
  year={1999},
  publisher={McGraw Hill},
  pages = {466},
  address = {Porto Alegre}
  
}

@book{HAY01,
  title={Sinais E Sistemas},
  author={HAYKIN, S.S. and VAN VEEN, B.},
  isbn={9788573077414},
  url={http://books.google.com.br/books?id=tdNYclZwaYIC},
  year={2001},
  publisher={Bookman},
  pages = {668},
  address = {Porto Alegre}
}
@book{HEW02,
  title={Fisica Conceitual},
  author={HEWITT, P.G.},
  isbn={9788536300405},
  url={http://books.google.com.br/books?id=Znu-BsJO-agC},
  year={2002},
  publisher={Bookman},
  pages = {685},
  edition = {9ª},
  address = {Porto Alegre}
}

@misc{HER63,
author = {HERMAN, C. C.; MAGEE, J. F.},
title = {Introdução A Algoritmos Distribuídos},
note = {Operations research for management. In BURSK, E. C.; CHAPMAN, J. F.(Eds). New decision-making tools for managers. New York: The Mentor Executive Library, 1963.1}
}

@book{HOR07,
  author   ={HORAK, R.},
  title    ={Telecommunications and Data Communications Handbook.},
  address  ={Danvers},
  publisher={John Wiley E Sons},
  year     ={2007},
  edition  ={2ª},
  pages    ={856}
}

@Proceedings{IEE95,
author = {HERMAN, C. C.; MAGEE, J. F.},
title = {IEEE Standars Board},
note = {IEEE std 1159 - 1995 - Recommended Pratice for Monitoring Eletric Power Quality},
year = {1995},
page = {70},
address = {USA}
}

@Misc{INE12,
title = {INEE, Instituto Nacional de Eficiência Energética},
OPTnote = {Contém informações institucionais. Disponível em: <\url{http://www.inee.org.br/eficiencia_o_que_eh.asp?Cat=eficiencia}>. Acesso em: 27 nov. 2012.}
}
 
@InCollection{IAN09,
author = {IANELLO, R., et al},
title = {Classificação de Múltiplos Distúrbios de Qualidade de Energia Baseado em Transformada Wavelet, EOS e Redes Neurais.},
booktitle = {Anais do VIII CBQEE Conferência Brasileira Sobre Qualidade de Energia Elétrica},
publisher = {CBQEE},
year = {2009},
volume = {8},
address = {Blumenau, SC},
note = {Disponível em:<\url{http://www.labplan.ufsc.br/congressos/CBQEE_VIII_2009/web/docs/085.pdf}>. Acesso em: 29 jan. 2013}
}
@MastersThesis{INA10,
author = {INÁCIO, J. M.},
title = {Detecção e Classificação de Faltas em Linhas de Transmissão utilizando Transformada Wavelet e Rede Lógica Neurofuzzy com Aprendizado Participativo.},
school = {Dissertação (Programa De Pós-Graduação Em Engenharia Elétrica - Mestrado) – Universidade Federal de Minas Gerais - UFMG},
year = {2010},
address = {Belo Horizonte, 2010.}
}

@TechReport{JAC10,
author = {JACINTHO, O. F. L.},
title = {Redes Neuro-Fuzzy: Um Estudo de Caso em Diagnóstico de Alzheimer.},
institution = {Monografia (Bacharel em Ciência da Computação, Centro de Matemática, Computação e Cognição - CMCC). Universidade Federal do ABC - UFABC. Santo André},
year = {2010},
number = {53},
address = {Santo André, 2010},
note = {Disponível em: <\url{http://bcc.ufabc.edu.br/docs/proj%20graduacao_LuisFernando.pdf}>. Acessado em: 24 nov. 2012.}
}
@MastersThesis{JUN09,
author = {JUNIOR, H. A. O.},
title = {Desenvolvimento de uma Metodologia para Identificar e Quantificar Distúrbios da Qualidade da Energia Elétrica.},
school = {Dissertação (Programa de Pós-Graduação em Engenharia Elétrica - Mestrado) – Universidade Federal do Rio Grande do Sul - UFGRS},
year = {2009},
address = {Porto Alegre, 2009},
pages = {188}
}

@InCollection{KAG09,
author = {JUNIOR, F. P.; KAGAN, N.},
title = {Utilização de Medidores Eletrônicos de Faturamento para Detecção e Registro de Eventos que afetam a Qualidade de Energia.},
publisher = {Revista Espaço Energia},
year = {2009},
volume = {10}
}

@InCollection{KIM01,
author = {KIM, C. H., AGGAWAL, R.},
title = {Wavelet transforms in power systems Part 2: Examples of application to actual power system transients.},
publisher = {Power Engineering Journal},
year = {2001},
month = {Agosto}
}
@book{KOS93,
  title={M{\'a}quinas El{\'e}tricas: Com Introdu{\c{c}}{\~a}o {\`a} Eletr{\^o}nica de Pot{\^e}ncia},
  author={FITZGERALD, A.E. and KINGSLEY, C. and UMANS, S.D.},
  year={1993},
  edition = {9},
  publisher={Globo Editora},
  address = {São Paulo}
}

@book{LEE01,
  author   ={LEE, Edward A.},
  title    ={Embedded Software. To appear in Advances in Computers.},
  address  ={Berkeley},
  publisher={University of California},
  year     ={2001},
  pages    ={56},
  editor   ={M. Zelkowitz}
}
@InProceedings{LOC08,
author = {LOCKE, D.},
title = {Guide to the wiring regulations 17th edition IEE wiring Regulations},
booktitle = {IEE wiring Regulations},
year = {2008},
volume = {17},
address = {USA}
}
@book{LYN96,
  title={Distributed Algorithms},
  author={Lynch, N.A.},
  series={The Morgan Kaufmann Series in Data Management Systems},
  year={1996},
  publisher={Morgan Kaufmann Publishers},
  pages = {872}  
}

@book{MAL07,
  author   ={MALVINO P. L.; BATES J. B.},
  title    ={Eletrônica Volume 1.},
  address  ={São Paulo},
  publisher={McGraw-Hill},
  year     ={2007},
  edition  ={7ª},
  volume   ={1}
}
@Article{MEL08,
author = {Miguel Otávio Barreto Campelo de Melo},
title = {Avaliação do impacto da qualidade de energia elétrica na produção industrial: proposta de metodologia},
journal = {Revista Produto E Produção},
year = {2008},
volume = {9},
pages = {15-25},
note = {Disponível em <\url{http://seer.ufrgs.br/ProdutoProducao/article/download/4092/3870}>},
}
@MastersThesis{MEN08,
author = {MENDES, C. S.},
title = {Transformada de Wavelet aplicada a Proteções Digitais},
school = {Dissertação (Mestrado Integrado em Engenharia Electrotécnica e de Computadores Major Energia) – Faculdade de Engenharia da Universidade do Porto - FEUP},
year = {2008},
pages = {107},
address = {Porto, Portugal, 2008} 
}

@Misc{MIS96,
author = {MISITI, M. et al.},
title = {Wavelet Toolbox: User's Guide.},
note = {Disponível em: <\url{http://web.mit.edu/1.130/WebDocs/wavelet_ug.pdf}>. Acessado: 22 nov. 2012.}
}
@Misc{MOD08,
author = {ANEEL},
title = {Procedimentos de Distribuição de Energia Elétrica no Sistema Elétrico Nacional (PRODIST): Módulo 8 - Qualidade da Energia Elétrica},
edition = {4ª},
year = {2012},
note = {Disponivel em <\url{http://www.aneel.gov.br/visualizar_texto.cfm?idtxt=1877}>. Acessado em: 10 out. 2012.}
}
@book{MOD09,
  title={Soldagem - fundamentos e tecnologia},
  author={MODENESI, P.J. and MARQUES, P.V. and BRACARENSE, A.Q.},
  isbn={9788570417480},
  url={http://books.google.com.br/books?id=uIxCk9IcgJEC},
  year={2009},
  publisher={UFMG},
  ADDRESS= {Belo Horizonte},
  edition = {3ª}
}
@Manual{NBR54,
title = {NBR 5419},
note = {Disponível em: <\url{http://www.faatesp.edu.br/publicacoes/NBR-5419.pdf}>. Acesso em: 17 nov. 2012.}
}
%revisar
@InCollection{OLIVE,
author = {OLIVEIRA, J. C. D.},
title = {Definição e Análise dos itens de Qualidade},
booktitle = {Projeto SIDAQEE - Capítulo II Qualidade de Energia Elétrica},
publisher = {Universidade Federal de Uberlândia},
year = {[entre 1990 e 2005]},
address = {Uberlândia}
}

@book{OLI97,
  title={An{\'a}lise de Sinais para Engenheiros: Uma Abordagem Via Wavelets},
  author={DE OLIVEIRA, H. M.},
  isbn={9788574522838},
  url={http://books.google.com.br/books?id=H7qB82SLNxIC},
  publisher={BRASPORT},
  address  ={São Paulo},  
  year     ={2007},
  pages    ={268}
}

@book{RAS11,
  title={POWER ELECTRONICS HANDBOOK},
  author={Rashid, M.},
  isbn={9780123820372},
  lccn={2010038332},
  url={http://books.google.com.br/books?id=eS1z95mzi28C},
  year={2011},
  publisher={Elsevier Science},
  address  ={USA},
  edition  ={3ª},
  pages    ={1362}
}

@book{REZ05,
  title={Sistemas Inteligentes: fundamentos e aplicações.},
  author={REZENDE, S.O.},
  isbn={9788520416839},
  url={http://books.google.com.br/books?id=UsJe\_PlbnWcC},
  year={2003},
  publisher={Manole}, 
  address  ={Barueri},
  year     ={2005},
  edition  ={1ª},
  pages    ={252}
}
@book{ROE02,
author = {ROEL, O. J.},
title = {Acoplamento de Conversores Estaticos com malha de controle e Dispositivos Eletromagneticos Não-Lineares.},
publisher = {Revista Controle e Automação.},
year = {2002},
volume = {13},
note = {Disponivel em: <\url{http://www.scielo.br/pdf/ca/v13n1/a09v13n1.pdf}>. Acesso em: 17 nov. 2012.}
}

@book{SAD03,
  title={Fundamentos de Circuitos Eletricos},
  author={Alexander, C.K.},
  isbn={9788536302492},
  url={http://books.google.com.br/books?id=AZJHvMWNHc4C},
  year={2003},
  publisher={Bookman Companhia Ed.},
  address  ={Porto Alegre},
  edition  ={3ª},
  pages    ={857}
}

@TechReport{SAN09,
author = {SANTOS, M. V.},
title = {Estudo de Caso de Curto-Circuito em um Sistema Elétrico Industrial.},
institution = {Trabalho de Conclusão de Curso (Escola de Engenharia de São Carlos - Engenharia Elétrica com ênfase em Sistemas de Energia e Automação) – Escola de Engenharia de São Carlos, Universidade de São Paulo - USP},
year = {2009},
number = {131},
address = {São Carlos, 2009}
}



@book{SAL89,
  author   ={SALIBY, E.},
  title    ={ Repensando a Simulação: a amostragem descritiva.},
  address  ={São Paulo},
  publisher={Atlas},
  year     ={1989}
}

@Unpublished{SBQEE,
author = {ABREU, J. P. et al.},
title = {Seminário Brasileiro da Qualidade da Energia Elétrica},
publisher = {Revista Controle e Automação.},
year = {1996},
volume = {1},
address = {Uberlândia},
pages = {1-5},
note = {Anais. Uberlândia:  Reflexões sobre qualidade de energia. Elétrica, 1996.}
}

@PhdThesis{SIL01,
author = {SILVA, V. F.},
title = {Condicionador de potência para aplicação em inversor de frequência de média tensão.},
school = {Tese (Doutorado) – Escola politécnica, Universidade de São Paulo - USP},
year = {2001},
pages = {140},
address = {São Paulo, 2001},
}

@Misc{SIL09,
  title={Introdu{\c{c}}{\~a}o {\`a} An{\'a}lise de Dados},
  author={da Silva, A.L.C.},
  isbn={9788576502128},
  url={http://books.google.com.br/books?id=EQfUR3uOqiQC},
  publisher={Editora E-papers},
  year = {2009},
  pages = {158},
  address = {Rio de Janeiro}

}
@book{SMI04,
  author   ={SMITH, L. R; HERMAN, L. S.},
  title    ={Electrical Wiring Industrial: Based on the 2005 National Electric Code.},
  address  ={New York},
  publisher={Cengage Learning},
  year     ={2004},
  edition  ={12ª},
  pages    ={266}
}
@book{SOL04,
author = {SOLA, A. V. H.; KOVALESKI, J. L.},
title = {Eficiência energética nas indústrias: cenários E oportunidades},
publisher = {ENEGEP},
year = {2004},
volume = {14},
address = {Florianópolis},
pages = {1-5},
note = {Anais do XXIV Encontro Nacional de Engenharia de Produção (ENEGEP) e X International Conference on Industrial Engineering and Operations Management.}
}
